@article{bach2010convex,
  title={Convex analysis and optimization with submodular functions: a tutorial},
  author={Bach, Francis},
  journal={arXiv preprint arXiv:1010.4207},
  year={2010}
}

@article{kolmogorov2004energy,
  title={What energy functions can be minimized via graph cuts?},
  author={Kolmogorov, Vladimir and Zabin, Ramin},
  journal={Pattern Analysis and Machine Intelligence, IEEE Transactions on},
  volume={26},
  number={2},
  pages={147--159},
  year={2004},
  publisher={IEEE}
}

@inproceedings{strandmark2010parallel,
  title={Parallel and distributed graph cuts by dual decomposition},
  author={Strandmark, Petter and Kahl, Fredrik},
  booktitle={Computer Vision and Pattern Recognition (CVPR), 2010 IEEE Conference on},
  pages={2085--2092},
  year={2010},
  organization={IEEE}
}

@article{sontag2011introduction,
  title={Introduction to dual decomposition for inference},
  author={Sontag, David and Globerson, Amir and Jaakkola, Tommi},
  journal={Optimization for Machine Learning},
  volume={1},
  year={2011},
  publisher={MIT Press Cambridge, MA}
}

@article{sharpnack2012detecting,
  title={Detecting Activations over Graphs using Spanning Tree Wavelet Bases},
  author={Sharpnack, James and Krishnamurthy, Akshay and Singh, Aarti},
  journal={arXiv preprint arXiv:1206.0937},
  year={2012}
}

@article{kirchhoff1847ueber,
	Author = {Kirchhoff, G.},
	Journal = {Annalen der Physik},
	Number = {12},
	Pages = {497--508},
	Publisher = {Wiley Online Library},
	Title = {Ueber die Aufl{\"o}sung der Gleichungen, auf welche man bei der Untersuchung der linearen Vertheilung galvanischer Str{\"o}me gef{\"u}hrt wird},
	Volume = {148},
	Year = {1847}}

@article{lovasz1993random,
	Author = {Lov{\'a}sz, L.},
	Journal = {Combinatorics, Paul Erdos is Eighty},
	Number = {1},
	Pages = {1--46},
	Publisher = {J{\'a}nos Bolyai Mathematical Society},
	Title = {Random walks on graphs: A survey},
	Volume = {2},
	Year = {1993}}

@unpublished{lyons2000probability,
	Author = {Lyons, R. and Peres, Y.},
	Note = {Book in preparation.},
	Title = {Probability on trees and networks},
	Year = {2000}}
                  
@article{vonluxburg2010,
    Author = {Von Luxburg, Ulrike and Radl, Agnes and Hein, Matthias},
    Journal = {ReCALL},
    Title = {Hitting and commute times in large graphs are often misleading},
    Url = {http://arxiv.org/abs/1003.1266},
    Year = {2010},
    Bdsk-Url-1 = {http://arxiv.org/abs/1003.1266}}
                  
@article{foster1949average,
	Author = {Foster, R.M.},
	Journal = {Contributions to Applied Mechanics (Reissner Anniversary Volume)},
	Pages = {333--340},
	Title = {The average impedance of an electrical network},
	Year = {1949}}

@article{tetali1991random,
	Author = {Tetali, P.},
	Journal = {Journal of Theoretical Probability},
	Number = {1},
	Pages = {101--109},
	Publisher = {Springer},
	Title = {Random walks and the effective resistance of networks},
	Volume = {4},
	Year = {1991}}

@inproceedings{agarwal2006spatial,
  title={Spatial scan statistics: approximations and performance study},
  author={Agarwal, Deepak and McGregor, Andrew and Phillips, Jeff M and Venkatasubramanian, Suresh and Zhu, Zhengyuan},
  booktitle={Proceedings of the 12th ACM SIGKDD international conference on Knowledge discovery and data mining},
  pages={24--33},
  year={2006},
  organization={ACM}
}

@inproceedings{neill2004rapid,
  title={Rapid detection of significant spatial clusters},
  author={Neill, Daniel B and Moore, Andrew W},
  booktitle={Proceedings of the tenth ACM SIGKDD international conference on Knowledge discovery and data mining},
  pages={256--265},
  year={2004},
  organization={ACM}
}

@article{priebe2005scan,
  title={Scan statistics on enron graphs},
  author={Priebe, Carey E and Conroy, John M and Marchette, David J and Park, Youngser},
  journal={Computational \& Mathematical Organization Theory},
  volume={11},
  number={3},
  pages={229--247},
  year={2005},
  publisher={Springer}
}

@article{yi2009unified,
  title={A unified analytic framework based on minimum scan statistics for wireless ad hoc and sensor networks},
  author={Yi, Chih-Wei},
  journal={Parallel and Distributed Systems, IEEE Transactions on},
  volume={20},
  number={9},
  pages={1233--1245},
  year={2009},
  publisher={IEEE}
}

@article{arias2005nearoptimal,
Author = {Arias-Castro, E. and Donoho, D. and  Huo, X.},
title = {Near-optimal detection of geometric objects by fast multiscale methods},
journal =  {IEEE Trans. Inform. Theory}, 
volume = {51},
number = {7},
pages = {2402--2425}, 
year = {2005}
}

@article{arias2008searching,
  title={Searching for a trail of evidence in a maze},
  author={Arias-Castro, E. and Candes, E.J. and Helgason, H. and Zeitouni, O.},
  journal={The Annals of Statistics},
  volume={36},
  number={4},
  pages={1726--1757},
  year={2008},
  publisher={Institute of Mathematical Statistics}
}

@article{addario2010combinatorial,
	Author = {Addario-Berry, L. and Broutin, N. and Devroye, L. and Lugosi, G.},
	Journal = {The Annals of Statistics},
	Number = {5},
	Pages = {3063--3092},
	Publisher = {Institute of Mathematical Statistics},
	Title = {On combinatorial testing problems},
	Volume = {38},
	Year = {2010}}

@article{arias2011detection,
	Author = {Arias-Castro, E. and Candes, E.J. and Durand, A.},
	Journal = {The Annals of Statistics},
	Number = {1},
	Pages = {278--304},
	Publisher = {Institute of Mathematical Statistics},
	Title = {Detection of an anomalous cluster in a network},
	Volume = {39},
	Year = {2011}}

@article{jacob2010gains,
  title={Gains in power from structured two-sample tests of means on graphs},
  author={Jacob, L. and Neuvial, P. and Dudoit, S.},
  journal={Arxiv preprint arXiv:1009.5173},
  year={2010}
}


@article{sharpnack2012changepoint,
  title={Changepoint Detection over Graphs with the Spectral Scan Statistic},
  author={Sharpnack, J. and Rinaldo, A. and Singh, A.},
  journal={Arxiv preprint arXiv:1206.0773},
  year={2012}
}

@book{ingster2003nonparametric,
  title={Nonparametric goodness-of-fit testing under Gaussian models},
  author={Ingster, Y.I. and Suslina, I.A.},
  volume={169},
  year={2003},
  publisher={Springer Verlag}
}

@article{ingster1987minimax,
  title={Minimax Testing of Nonparametric Hypotheses on a Distribution Density in the $L_p$ Metrics},
  author={Ingster, Y.I.},
  journal={Theory of Probability and its Applications},
  volume={31},
  pages={333},
  year={1987}
}

@techreport{cevher2009sparse,
  title={Sparse signal recovery using markov random fields},
  author={Cevher, V. and Hegde, C. and Duarte, M.F. and Baraniuk, R.G.},
  year={2009},
  institution={DTIC Document}
}

@article{ravikumar2006quadratic,
  title={Quadratic programming relaxations for metric labeling and markov random field map estimation},
  author={Ravikumar, P. and Lafferty, J.D.},
  year={2006},
  publisher={ACM}
}

@inproceedings{kondor2002diffusion,
  title={Diffusion kernels on graphs and other discrete input spaces},
  author={Kondor, R.I. and Lafferty, J.},
  booktitle={Proceedings of the Nineteenth International Conference on Machine Learning},
  pages={315--322},
  year={2002},
  organization={Citeseer}
}

@article{smola2003kernels,
  title={Kernels and regularization on graphs},
  author={Smola, A. and Kondor, R.},
  journal={Learning theory and kernel machines},
  pages={144--158},
  year={2003},
  publisher={Springer}
}

@book{rockafellar1997convex,
  title={Convex analysis},
  author={Rockafellar, R Tyrell},
  volume={28},
  year={1997},
  publisher={Princeton university press}
}

@book{cormen2001introduction,
  title={Introduction to algorithms},
  author={Cormen, Thomas H and Leiserson, Charles E and Rivest, Ronald L and Stein, Clifford},
  year={2001},
  publisher={MIT press}
}

@article{fung2010graph,
  title={Graph sparsification by edge-connectivity and random spanning trees},
  author={Fung, Wai Shing and Harvey, Nicholas JA},
  journal={arXiv preprint arXiv:1005.0265},
  year={2010}
}

@article{towbin1979electrophoretic,
  title={Electrophoretic transfer of proteins from polyacrylamide gels to nitrocellulose sheets: procedure and some applications},
  author={Towbin, Harry and Staehelin, Theophil and Gordon, Julian},
  journal={Proceedings of the National Academy of Sciences},
  volume={76},
  number={9},
  pages={4350--4354},
  year={1979},
  publisher={National Acad Sciences}
}

@book{papadimitriou1998combinatorial,
  title={Combinatorial optimization: algorithms and complexity},
  author={Papadimitriou, Christos H and Steiglitz, Kenneth},
  year={1998},
  publisher={Courier Dover Publications}
}

@book{ledoux2001concentration,
  title={The concentration of measure phenomenon},
  author={Ledoux, Michel},
  volume={89},
  year={2001},
  publisher={American Mathematical Soc.}
}