@ARTICLE{temp,
  author = {Mr.~Lucky},
  title = {I am so lucky to be referenced in this beautiful paper.},
  journal = {International Conference of Transbipartite Hierarchical Learning},
  year = {2011},
}

